@inproceedings{kour2014real,
  title={Real-time segmentation of on-line handwritten arabic script},
  author={Kour, George and Saabne, Raid},
  booktitle={Frontiers in Handwriting Recognition (ICFHR), 2014 14th International Conference on},
  pages={417--422},
  year={2014},
  organization={IEEE}
}

@inproceedings{kour2014fast,
  title={Fast classification of handwritten on-line Arabic characters},
  author={Kour, George and Saabne, Raid},
  booktitle={Soft Computing and Pattern Recognition (SoCPaR), 2014 6th International Conference of},
  pages={312--318},
  year={2014},
  organization={IEEE},
  doi={10.1109/SOCPAR.2014.7008025}
}

@article{hadash2018estimate,
  title={Estimate and Replace: A Novel Approach to Integrating Deep Neural Networks with Existing Applications},
  author={Hadash, Guy and Kermany, Einat and Carmeli, Boaz and Lavi, Ofer and Kour, George and Jacovi, Alon},
  journal={arXiv preprint arXiv:1804.09028},
  year={2018}
}




@article{friedman1991multivariate,
  title={Multivariate adaptive regression splines},
  author={Friedman, Jerome H},
  journal={The annals of statistics},
  volume={19},
  number={1},
  pages={1--67},
  year={1991},
  publisher={Institute of Mathematical Statistics}
}


@article{bakin2000parallel,
  title={Parallel MARS algorithm based on B-splines},
  author={Bakin, Sergey and Hegland, Markus and Osborne, Michael R},
  journal={Computational Statistics},
  volume={15},
  pages={463--484},
  year={2000},
  publisher={Springer}
}

@article{sahraei2021prediction,
  title={Prediction of transportation energy demand: multivariate adaptive regression splines},
  author={Sahraei, Mohammad Ali and Duman, Hakan and {\c{C}}odur, Muhammed Yasin and Eyduran, Ecevit},
  journal={Energy},
  volume={224},
  pages={120090},
  year={2021},
  publisher={Elsevier}
}

@article{akin2020analysis,
  title={Analysis of macro nutrient related growth responses using multivariate adaptive regression splines},
  author={Akin, Meleksen and Eyduran, Sadiye Peral and Eyduran, Ecevit and Reed, Barbara M},
  journal={Plant Cell, Tissue and Organ Culture (PCTOC)},
  volume={140},
  pages={661--670},
  year={2020},
  publisher={Springer}
}

@article{yang2009decision,
  title={A decision-making framework for ozone pollution control},
  author={Yang, Zehua and Chen, Victoria CP and Chang, Michael E and Sattler, Melanie L and Wen, Aihong},
  journal={Operations Research},
  volume={57},
  number={2},
  pages={484--498},
  year={2009},
  publisher={INFORMS}
}


@article{conoscenti2018assessment,
  title={Assessment of gully erosion susceptibility using multivariate adaptive regression splines and accounting for terrain connectivity},
  author={Conoscenti, Christian and Agnesi, Valerio and Cama, Mariaelena and Caraballo-Arias, Nathalie Alamaru and Rotigliano, Edoardo},
  journal={Land degradation \& development},
  volume={29},
  number={3},
  pages={724--736},
  year={2018},
  publisher={Wiley Online Library}
}


@article{roy2018estimating,
  title={Estimating heating load in buildings using multivariate adaptive regression splines, extreme learning machine, a hybrid model of MARS and ELM},
  author={Roy, Sanjiban Sekhar and Roy, Reetika and Balas, Valentina E},
  journal={Renewable and Sustainable Energy Reviews},
  volume={82},
  pages={4256--4268},
  year={2018},
  publisher={Elsevier}
}


@article{heddam2018modelling,
  title={Modelling daily dissolved oxygen concentration using least square support vector machine, multivariate adaptive regression splines and M5 model tree},
  author={Heddam, Salim and Kisi, Ozgur},
  journal={Journal of Hydrology},
  volume={559},
  pages={499--509},
  year={2018},
  publisher={Elsevier}
}

@article{serrano2020identification,
  title={Identification of gender differences in the factors influencing shoulders, neck and upper limb MSD by means of multivariate adaptive regression splines (MARS)},
  author={Serrano, N Busto and S{\'a}nchez, A Su{\'a}rez and Lasheras, F S{\'a}nchez and Iglesias-Rodr{\'\i}guez, Francisco Javier and Valverde, G Fidalgo},
  journal={Applied Ergonomics},
  volume={82},
  pages={102981},
  year={2020},
  publisher={Elsevier}
}


@article{ju2021fast,
  title={Fast knot optimization for multivariate adaptive regression splines using hill climbing methods},
  author={Ju, Xinglong and Chen, Victoria CP and Rosenberger, Jay M and Liu, Feng},
  journal={Expert Systems with Applications},
  volume={171},
  pages={114565},
  year={2021},
  publisher={Elsevier}
}


@article{martinez2015convex,
  title={A convex version of multivariate adaptive regression splines},
  author={Martinez, Diana L and Shih, Dachuan T and Chen, Victoria CP and Kim, Seoung Bum},
  journal={Computational statistics \& data analysis},
  volume={81},
  pages={89--106},
  year={2015},
  publisher={Elsevier}
}


@article{ozmen2011rcmars,
  title={RCMARS: Robustification of CMARS with different scenarios under polyhedral uncertainty set},
  author={{\"O}zmen, Ay{\c{s}}e and Weber, Gerhard Wilhelm and Batmaz, {\.I}nci and Kropat, Erik},
  journal={Communications in Nonlinear Science and Numerical Simulation},
  volume={16},
  number={12},
  pages={4780--4787},
  year={2011},
  publisher={Elsevier}
}

@article{srivastava2019solar,
  title={Solar radiation forecasting using MARS, CART, M5, and random forest model: A case study for India},
  author={Srivastava, Rachit and Tiwari, AN and Giri, VK},
  journal={Heliyon},
  volume={5},
  number={10},
  pages={e02692},
  year={2019},
  publisher={Elsevier}
}


@inproceedings{breiman1996classification,
  title={Classification and regression trees (wadsworth, belmont, ca, 1984)},
  author={Breiman, L and Friedman, JH and Stone, CJ and Olshen, RA and Stone, CJ},
  booktitle={Proceedings of the Thirteenth International Conference, Bari, Italy},
  pages={148},
  year={1996}
}


@article{breiman2001random,
  title={Random forests},
  author={Breiman, Leo},
  journal={Machine learning},
  volume={45},
  pages={5--32},
  year={2001},
  publisher={Springer}
}


@article{stone1997polynomial,
  title={Polynomial splines and their tensor products in extended linear modeling: 1994 Wald memorial lecture},
  author={Stone, Charles J and Hansen, Mark H and Kooperberg, Charles and Truong, Young K},
  journal={The Annals of statistics},
  volume={25},
  number={4},
  pages={1371--1470},
  year={1997},
  publisher={Institute of Mathematical Statistics}
}


@article{denison1998bayesian,
  title={Bayesian mars},
  author={Denison, David GT and Mallick, Bani K and Smith, Adrian FM},
  journal={Statistics and Computing},
  volume={8},
  pages={337--346},
  year={1998},
  publisher={Springer}
}


@article{weber2012cmars,
  title={CMARS: a new contribution to nonparametric regression with multivariate adaptive regression splines supported by continuous optimization},
  author={Weber, Gerhard-Wilhelm and Batmaz, Inci and K{\"o}ksal, G{\"u}lser and Taylan, Pakize and Yerlikaya-{\"O}zkurt, Fatma},
  journal={Inverse Problems in Science and Engineering},
  volume={20},
  number={3},
  pages={371--400},
  year={2012},
  publisher={Taylor \& Francis}
}
